@article{kremer2020graphene,
  title={Graphene and silicene nanodomains in a ultra-thin {SiC} layer for water splitting and hydrogen storage. A first principle study},
  author={Kremer, Luiz F and Baierle, Rogerio J},
  journal={International Journal of Hydrogen Energy},
  volume={45},
  number={8},
  pages={5155--5164},
  year={2020},
  publisher={Elsevier}
}

@article{kremer2021two,
  title={Two-dimensional nanodomains as quantum dots models in an ultra-thin hydrogenated {SiC} layer},
  author={Kremer, Luiz Felipe and Baierle, Rog{\'e}rio Jos{\'e}},
  journal={Journal of Applied Physics},
  volume={129},
  number={18},
  pages={184302},
  year={2021},
  publisher={AIP Publishing LLC}
}
